@online{goals,
    author = "Hugo Marx",
    title = "Clocktower Protocol Goals",
    url  = "https://clocktower.finance/docs/goals",
    year = "2024",
    keywords = "clocktower, ethereum"
}

@online{navy,
    author = "United States Navy",
    title = "Converting Between Julian Dates and Gregorian Calendar Dates",
    url  = "https://aa.usno.navy.mil/faq/JD_formula",
    keywords = "date,math,equations"
}

@online{bokkypoobah,
    author = "bokkypoobah",
    title = "BokkyPooBahsDateTimeLibrary",
    url  = "https://github.com/bokkypoobah/BokkyPooBahsDateTimeLibrary",
    year =  "2019",
    keywords = "date,math,equations"
}

