@online{btcwhitepaper,
    author = "Satoshi Nakamoto",
    title = "Bitcoin: A Peer-to-Peer Electronic Cash System",
    url  = "https://bitcoin.org/bitcoin.pdf",
    year = "2008",
    keywords = "bitcoin,cryptocurrency"
}

@online{visarates,
    author = "helcim.com",
    title = "Visa Interchange Rates USA",
    url  = "https://www.helcim.com/visa-usa-interchange-rates/",
    keywords = "visa,fees"
}

@online{bizinsider,
    author = "Benjamin Goggin",
    title = "A top Patreon creator deleted his account, accusing the crowdfunding membership platform of 'political bias' after it purged conservative accounts it said were associated with hate groups",
    url  = "https://www.businessinsider.com/sam-harris-deletes-patreon-account-after-platform-boots-conservatives-2018-12",
    year =  "2018",
    keywords = "media,patreon"
}